<?xml version="1.0" encoding="UTF-8"?><record xmlns="http://www.loc.gov/MARC21/slim" xmlns:cinclude="http://apache.org/cocoon/include/1.0" xmlns:zs="http://www.loc.gov/zing/srw/">
  <leader>00415cz  a2200133n  4500</leader>
  <controlfield tag="001">n  00063881 </controlfield>
  <controlfield tag="003">DLC</controlfield>
  <controlfield tag="005">20000207165338.0</controlfield>
  <controlfield tag="008">000207n| acannaabn          |a aaa      </controlfield>
  <datafield tag="010" ind1=" " ind2=" ">
    <subfield code="a">n  00063881 </subfield>
  </datafield>
  <datafield tag="040" ind1=" " ind2=" ">
    <subfield code="a">DLC</subfield>
    <subfield code="b">eng</subfield>
    <subfield code="c">DLC</subfield>
  </datafield>
  <datafield tag="100" ind1="1" ind2=" ">
    <subfield code="a">Tisné, Antoine.</subfield>
    <subfield code="t">Rivages</subfield>
  </datafield>
  <datafield tag="400" ind1="1" ind2=" ">
    <subfield code="a">Tisné, Antoine.</subfield>
    <subfield code="t">Shores</subfield>
  </datafield>
  <datafield tag="670" ind1=" " ind2=" ">
    <subfield code="a">Tisné, Antoine. Rivages, 1996, c1991:</subfield>
    <subfield code="b">t.p. (Rivages : pour flûte et harpe) p. [3] (Rivages = Shores)</subfield>
  </datafield>
</record>